<?xml version="1.0" encoding="UTF-8"?><collection xmlns="http://www.loc.gov/MARC21/slim"><record><leader>00515nam--2200157-i-4500</leader><controlfield tag="001">000019984</controlfield><controlfield tag="002">20161230</controlfield><controlfield tag="005">20161230201033</controlfield><controlfield tag="008">060222s1000------------r-----000-0-eng-d</controlfield><datafield ind1=" " ind2=" " tag="080"><subfield code="a">538.94</subfield></datafield><datafield ind1=" " ind2=" " tag="100"><subfield code="a">Eckhaus, Victor And Van Harten, Aart</subfield></datafield><datafield ind1=" " ind2=" " tag="245"><subfield code="a">The inverse scattering transformation and theory of solitons.an introduction</subfield></datafield><datafield ind1=" " ind2=" " tag="260"><subfield code="a">Amsterdam, North-holland Publishing Company, 1981. Xi + 222 P</subfield></datafield><datafield ind1=" " ind2=" " tag="490"><subfield code="a">North-holland Mathematics Studies</subfield></datafield><datafield ind1=" " ind2=" " tag="852"><subfield code="a">42881</subfield><subfield code="c">515/516</subfield></datafield><datafield ind1=" " ind2=" " tag="CAT"><subfield code="a">Sys</subfield><subfield code="c">20080611</subfield><subfield code="h">104223</subfield></datafield></record></collection>